@article{platt2000large,
  title={Large margin DAGs for multiclass classification},
  author={Platt, John C and Cristianini, Nello and Shawe-Taylor, John},
  journal={Advances in neural information processing systems},
  volume={12},
  number={3},
  pages={547--553},
  year={2000}
}

@article{crammer2002algorithmic,
  title={On the algorithmic implementation of multiclass kernel-based vector machines},
  author={Crammer, Koby and Singer, Yoram},
  journal={The Journal of Machine Learning Research},
  volume={2},
  pages={265--292},
  year={2002},
  publisher={JMLR. org}
}

@misc{Bache+Lichman:2013,
author = "K. Bache and M. Lichman",
year = "2013",
title = "{UCI} Machine Learning Repository",
url = "http://archive.ics.uci.edu/ml",
institution = "University of California, Irvine, School of Information and Computer Sciences"
}

@article{joachims1999making,
  title={Making large scale SVM learning practical},
  author={Joachims, Thorsten},
  year={1999},
  publisher={Universit{\"a}t Dortmund}
}

@article{cortes1995support,
  title={Support-vector networks},
  author={Cortes, Corinna and Vapnik, Vladimir},
  journal={Machine learning},
  volume={20},
  number={3},
  pages={273--297},
  year={1995},
  publisher={Springer}
}

@article{platt1999probabilistic,
  title={Probabilistic outputs for support vector machines and comparisons to regularized likelihood methods},
  author={Platt, John and others},
  journal={Advances in large margin classifiers},
  volume={10},
  number={3},
  pages={61--74},
  year={1999},
  publisher={Cambridge, MA}
}

@incollection{duan2005best,
  title={Which is the best multiclass SVM method? An empirical study},
  author={Duan, Kai-Bo and Keerthi, S Sathiya},
  booktitle={Multiple Classifier Systems},
  pages={278--285},
  year={2005},
  publisher={Springer}
}

@article{hsu2002comparison,
  title={A comparison of methods for multiclass support vector machines},
  author={Hsu, Chih-Wei and Lin, Chih-Jen},
  journal={Neural Networks, IEEE Transactions on},
  volume={13},
  number={2},
  pages={415--425},
  year={2002},
  publisher={IEEE}
}