@techreport{rumelhart1985learning,
  title={Learning internal representations by error propagation},
  author={Rumelhart, David E and Hinton, Geoffrey E and Williams, Ronald J},
  year={1985},
  institution={DTIC Document}
}

@incollection{more1978levenberg,
  title={The Levenberg-Marquardt algorithm: implementation and theory},
  author={Mor{\'e}, Jorge J},
  booktitle={Numerical analysis},
  pages={105--116},
  year={1978},
  publisher={Springer}
}


@article{hagan1994training,
  title={Training feedforward networks with the Marquardt algorithm},
  author={Hagan, Martin T and Menhaj, Mohammad B},
  journal={Neural Networks, IEEE Transactions on},
  volume={5},
  number={6},
  pages={989--993},
  year={1994},
  publisher={IEEE}
}

@article{ZGG00,
  author  = {J.M. Zaldívar and E. Gutiérrez and I.M. Galván and F. Strozzi and A. Tomasin},
  title   = {Forecasting high waters an Venice Lagoon using chaotic time series analysis and nonlinear neural networks},
  journal = {Journal of Hydroinformatics},
  year    = {2000},
  volume  = {2},
  number  = {1},
  pages   = {61-84}
}

@article{werbos1990backpropagation,
  title={Backpropagation through time: what it does and how to do it},
  author={Werbos, Paul J},
  journal={Proceedings of the IEEE},
  volume={78},
  number={10},
  pages={1550--1560},
  year={1990},
  publisher={IEEE}
}

@InBook{mozer1995focused,
author = {Mozer, Michael C},
title = {Backpropagation: Theory, Architectures, and Applications},
chapter = {A Focused Backpropagation Algorithm for Temporal},
publisher = {Psychology Press},
year = {1995},
pages = {137--169},
}
